@misc{Abreu2021,
	author = {Edson F Abreu and Daniel M Casali and R Costa-Araújo and Guilherme S T Garbino and Gustavo S Libardi and Diogo Loretto and Ana Carolina Loss and Miriam Marmontel and Ligiane M Moras and Maria Clara Nascimento and Márcio L Oliveira and Silvia E Pavan and Flávia P Tirelli},
	doi = {10.5281/zenodo.5802047},
	publisher = {Comitê de Taxonomia da Sociedade Brasileira de Mastozoologia (CT-SBMz)},
	title = {Lista de mamíferos do Brasil},
	url = {https://www.sbmz.org/mamiferos-do-brasil/},
	year = {2021},
}
@article{Absaber1998,
	author = {Aziz Nacib Ab'Sáber},
	doi = {10.5935/0100-929x.19980006},
	issn = {0100-929X},
	issue = {1-2},
	journal = {Revista do Instituto Geológico},
	pages = {51-69},
	title = {Participação das depressões periféricas e superfícies aplainadas na compartimentação do planalto brasileiro: considerações finais e conclusões},
	volume = {19},
	year = {1998},
}
@article{Alencar2020,
	author = {Ane Alencar and Julia Z Shimbo and Felipe Lenti and Camila Balzani Marques and Bárbara Zimbres and Marcos Rosa and Vera Arruda and Isabel Castro and João Paulo Fernandes Márcico Ribeiro and Victória Varela and Isa Alencar and Valderli Piontekowski and Vivian Ribeiro and Mercedes M C Bustamante and Edson Eyji Sano and Mario Barroso},
	doi = {10.3390/rs12060924},
	issue = {6},
	journal = {Remote Sensing},
	title = {Mapping three decades of changes in the brazilian savanna native vegetation using landsat data processed in the google earth engine platform},
	volume = {12},
	year = {2020},
}
@article{Azevedo2016,
	author = {Josué A R Azevedo and Paula Hanna Valdujo and Cristiano Campos Nogueira},
	doi = {10.1111/jbi.12803},
	issue = {12},
	journal = {Journal of Biogeography},
	pages = {2454-2464},
	title = {Biogeography of anurans and squamates in the Cerrado hotspot: coincident endemism patterns in the richest and most impacted savanna on the globe},
	volume = {43},
	year = {2016},
}
@article{Baranzelli2023,
	author = {Matias C Baranzelli and Fabricio Villalobos and Javier Maximiliano Cordier and Javier Nori},
	doi = {10.1016/j.biocon.2023.110069},
	journal = {Biological Conservation},
	pages = {110069},
	title = {Knowledge shortfalls' interactions shadow our perception of species' exposure to human threats},
	volume = {282},
	year = {2023},
}
@article{Betts2019,
	author = {Matthew G Betts and Christopher Wolf and Marion Pfeifer and Cristina Banks-Leite and Víctor Arroyo-Rodríguez and Danilo Bandini Ribeiro and Jos Barlow and Felix Eigenbrod and Deborah Faria and Robert J Fletcher Jr. and Adam S Hadley and Joseph E Hawes and Robert D Holt and Brian Klingbeil and Urs Kormann and Luc Lens and Taal Levi and Guido F Medina-Rangel and Stephanie L Melles and Dirk Mezger and José Carlos Morante-Filho and C David L Orme and Carlos A Peres and Benjamin T Phalan and Anna Pidgeon and Hugh P Possingham and William J Ripple and Eleanor M Slade and Eduardo Somarriba and Joseph A Tobias and Jason M Tylianakis and J Nicolás Urbina-Cardona and Jonathon J Valente and James I Watling and Konstans Wells and Oliver R Wearn and Eric Wood and Richard Young and Robert M Ewers},
	doi = {https://dx.doi.org/10.1126/science.aax9387},
	journal = {Science},
	pages = {1236-1239},
	title = {Extinction filters mediate the global effects of habitat fragmentation},
	volume = {366},
	year = {2019},
}
@article{Betts2017,
	author = {Matthew G Betts and Christopher Wolf and William J Ripple and Ben Phalan and Kimberley A Millers and Adam Duarte and Stuart H M Butchart and Taal Levi},
	doi = {10.1038/nature23285},
	issn = {14764687},
	issue = {7664},
	journal = {Nature},
	pages = {441-444},
	pmid = {28723892},
	publisher = {Nature Publishing Group},
	title = {Global forest loss disproportionately erodes biodiversity in intact landscapes},
	volume = {547},
	year = {2017},
}
@article{Borgelt2022,
	author = {Jan Borgelt and Martin Dorber and Marthe Alnes Høiberg and Francesca Verones},
	doi = {10.1038/s42003-022-03638-9},
	issue = {679},
	journal = {Communications Biology},
	pages = {1-9},
	title = {More than half of data deficient species predicted to be threatened by extinction},
	volume = {5},
	year = {2022},
}
@article{Bridgewater2004,
	author = {Samuel Bridgewater and James A Ratter and José Felipe Ribeiro},
	journal = {Biodiversity and Conservation},
	keywords = {Biogeography,Brazil,Cerrado,Dominance,Phytogeography,b-diversity},
	pages = {2295-2318},
	publisher = {Kluwer Academic Publishers},
	title = {Biogeographic patterns, b-diversity and dominance in the cerrado biome of Brazil},
	volume = {13},
	year = {2004},
}
@article{Brooks2004,
	author = {Thomas M Brooks and Gustavo Alberto Bouchardet da Fonseca and Ana S L Rodrigues},
	issue = {6},
	journal = {Biology},
	pages = {1682-1688},
	title = {Species, Data, and Conservation Planning},
	volume = {18},
	year = {2004},
}
@article{Brooks2006,
	author = {T. M. Brooks and R A Mittermeier and Gustavo A B Fonseca and J Gerlach and M Hoffmann and J F Lamoreux and C G Mittermeier and J. D. Pilgrim and Ana S L Rodrigues},
	doi = {10.1126/science.1127609},
	issn = {00368075},
	issue = {5783},
	journal = {Science},
	pages = {58-61},
	pmid = {16825561},
	title = {Global biodiversity conservation priorities},
	volume = {313},
	year = {2006},
}
@book{Brown1995,
	author = {James H Brown},
	address = {London},
	isbn = {0-226-07615-6},
	pages = {269},
	publisher = {The University of Chicago Press},
	title = {Macroecology},
	year = {1995},
}
@inbook{BrownGiff2002,
	author = {K S Brown and D R Gifford},
	address = {New York},
	editor = {P S Oliveira and R J Marquis},
	journal = {The cerrados of Brazil: ecology and natural history of a neotropical savanna},
	pages = {201-222},
	publisher = {Columbia University Press},
	title = {Lepidoptera in the Cerrado landscape and conservation of vegetation, soil and topographical mosaics.},
	year = {2002},
}
@article{Brum2019,
	author = {Fernanda Thiesen Brum and Robert L Pressey and Luis Mauricio Bini and Rafael Loyola},
	doi = {10.1016/j.biocon.2019.108283},
	journal = {Biological Conservation},
	pages = {108283},
	title = {Forecasting conservation impact to pinpoint spatial priorities in the Brazilian Cerrado},
	volume = {240},
	year = {2019},
}

@article{Byers1998,
	author = {Simon Byers and Adrian E Raftery},
	doi = {10.1080/01621459.1998.10473711},
	issue = {442},
	journal = {Journal of the American Statistical Association},
	keywords = {Breakdown point,EM algorithm,Edge effects,Image analysis,Minefield,Mixture model,Robust covariance estimation,Seismic fault},
	pages = {577-584},
	title = {Nearest-neighbor clutter removal for estimating features in spatial point processes},
	volume = {93},
	year = {1998},
}
@article{Caetano2022,
	author = {{Caetano}, Gabriel Henrique Oliveira and David G Chapple and Richard Grenyer and Tal Raz and Jonathan Rosenblatt and Reid Tingley and Monika Böhm and Shai Meiri and Uri Roll},
	doi = {10.1371/journal.pbio.3001544},
	issue = {5},
	journal = {PLoS Biology},
	title = {Automated assessment reveals that the extinction risk of reptiles is widely underestimated across space and phylogeny},
	volume = {20},
	year = {2022},
}
@article{Carmignotto2011,
	author = {Ana Paula Carmignotto and Caroline Cotrim Aires},
	doi = {10.1590/S1676-06032011000100029},
	isbn = {1676-0603},
	issn = {1676-0603},
	issue = {1},
	journal = {Biota Neotropica},
	pages = {313-328},
	title = {Mamíferos não voadores (Mammalia) da Estação Ecológica Serra Geral do Tocantins},
	volume = {11},
	year = {2011},
}
@inbook{Carmignotto2012,
	author = {Ana Paula Carmignotto and Mario De Vivo and Alfredo Langguth},
	doi = {10.1017/CBO9781107415324.004},
	title = {Bones, clones and biomes. The history and geography of recent Neotropical mammals},
	pages = {307-350},
	chapter = {Mammals of the Cerrado and Caatinga: distribution patterns of the tropical open biomes of central South America},
	year = {2012},
}
@article{Carmignotto2022,
	author = {Ana Paula Carmignotto and Renata Pardini and Mario de Vivo},
	doi = {10.3389/fevo.2021.739919},
	issn = {2296701X},
	issue = {February},
	journal = {Frontiers in Ecology and Evolution},
	keywords = {abundance,abundance, composition, habitat selectivity, inven,composition,evolution,frontiers in ecology and,frontiersin,habitat selectivity,inventory,marsupials,org,rodents,species richness,www},
	title = {Habitat Heterogeneity and Geographic Location as Major Drivers of Cerrado Small Mammal Diversity Across Multiple Spatial Scales},
	volume = {9},
	year = {2022},
}
@article{Carvalho2011,
	author = {Sílvia B Carvalho and José C Brito and Eduardo J Crespo and Hugh P Possingham},
	doi = {10.1111/j.1472-4642.2011.00752.x},
	issn = {13669516},
	issue = {3},
	journal = {Diversity and Distributions},
	keywords = {Adaptive variation,Biotic elements,Environmental gradients,Genetic diversity,Neutral variation,Spatial prioritization},
	pages = {408-421},
	title = {Incorporating evolutionary processes into conservation planning using species distribution data: A case study with the western Mediterranean herpetofauna},
	volume = {17},
	year = {2011},
}
@book{Carvalho2016,
	title={Biogeografia da Am{\'e}rica do Sul: an{\'a}lise de tempo, espa{\c{c}}o e forma},
	author={C. J. B. Carvalho and E. A. B. Almeida},
	year={2016},
	publisher={Editora Guanabara Koogan},
	address ={Rio de Janeiro},
	pages={298}
}
@inbook{Cavalcanti2002,
	author = {R Cavalcanti and C Joly},
	address = {New York},
	editor = {Paulo Oliveira and Robert Marquis},
	book = {The Cerrados of Brazil},
	pages = {351-367},
	publisher = {Columbia University Press},
	title = {Biodiversity and Conservation Priorities in the Cerrado Region},
	year = {2002},
	doi = {10.7312/oliv12042},
}
@misc{CBD2010,
	author = {CBD},
	publisher = {Convention on Biological Diversity},
	title = {The Strategic Plan for Biodiversity 2011-2020 and the Aichi Biodiversity Targets COP 10 Decision X/2.},
	year = {2010},
}
@book{Cole1986,
	author = {Cole, M. M.},
	address = {London},
	pages = {438},
	publisher = {Academic Press, Inc.},
	title = {The Savannas: Biogeography and Geobotany},
	year = {1986},
}
@inbook{Colli2002,
	author = {Guarino R Colli and Rogério P Bastos and Alexandre F B Araujo},
	address = {New York},
	editor = {Paulo Oliveira and Robert Marquis},
	book = {The Cerrados of Brazil},
	pages = {223-241},
	publisher = {Columbia University Press},
	title = {The Character and Dynamics of the Cerrado Herpetofauna},
	year = {2002},
	doi = {10.7312/oliv12042},
}
@article{Colli2020,
	author = {Guarino R Colli and Cecília R Vieira and José Carmine Dianese},
	doi = {10.1007/s10531-020-01967-x},
	isbn = {0123456789},
	issn = {15729710},
	issue = {5},
	journal = {Biodiversity and Conservation},
	pages = {1465-1475},
	publisher = {Springer Netherlands},
	title = {Biodiversity and conservation of the Cerrado: recent advances and old challenges},
	volume = {29},
	year = {2020},
}
@book{Cox2016,
	author = {C Barry Cox and Peter D Moore and Richard J Ladle},
	address = {Chichester},
	edition = {9th},
	isbn = {9781118968574},
	issue = {1},
	keywords = {autobiographical memory,depression,executive control,overgeneral memory,working},
	pages = {23-42},
	publisher = {Wiley Blackwell},
	title = {Biogeography: An Ecological and Evolutionary Approach},
	year = {2016},
}
@article{Cox2022,
	author = {Neil Cox and Bruce E Young and Philip Bowles and Miguel Fernandez and Julie Marin and Giovanni Rapacciuolo and Monika Böhm and Thomas M Brooks and S Blair Hedges and Craig Hilton-Taylor and Michael Hoffmann and Richard K B Jenkins and Marcelo F Tognelli and Graham J Alexander and Allen Allison and Natalia B Ananjeva and Mark Auliya and Luciano Javier Avila and David G Chapple and Diego F Cisneros-Heredia and Harold G Cogger and Guarino R Colli and Anslem de Silva and Carla C Eisemberg and Johannes Els and Ansel Fong G and Tandora D Grant and Rodney A Hitchmough and Djoko T Iskandar and Noriko Kidera and Marcio Martins and Shai Meiri and Nicola J Mitchell and Sanjay Molur and Cristiano Campos Nogueira and Juan Carlos Ortiz and Johannes Penner and Anders G J Rhodin and Gilson A Rivas and Mark-Oliver Rödel and Uri Roll and Kate L Sanders and Georgina Santos-Barrera and Glenn M Shea and Stephen Spawls and Bryan L Stuart and Krystal A Tolley and Jean-François Trape and Marcela A Vidal and Philipp Wagner and Bryan P Wallace and Yan Xie},
	doi = {10.1038/s41586-022-04664-7},
	issue = {605},
	journal = {Nature},
	pages = {285-290},
	title = {A global reptile assessment highlights shared conservation needs of tetrapods},
	year = {2022},
}
@article{deMarcoJr2020,
	title={Vulnerability of Cerrado threatened mammals: an integrative landscape and climate modeling approach},
	author={{De Marco Jr.}, Paulo and Vill{\'e}n, Sara and Mendes, Poliana and N{\'o}brega, Caroline and Cortes, Lara and Castro, Tiago and Souza, Rodrigo},
	journal={Biodiversity and Conservation},
	volume={29},
	number={5},
	pages={1637--1658},
	year={2020},
}
@article{deMarcoJr2023,
	author = {{De Marco Jr.}, Paulo and Souza, R A and Andrade, A F A and Villén-Pérez, S and Nóbrega, C C and Campello, L M and Caldas, M},
	doi = {https://doi.org/10.1126/science.abq7768},
	journal = {Science},
	pages = {298-301},
	title = {The value of private properties for the conservation of biodiversity in the Brazilian Cerrado},
	year = {2023},
}

@book{DiMinin2014,
	author = {E {Di Minin} and Victoria Veach and Joona Lehtomäki and Federico M Pouzols and Atte Moilanen},
	address = {Helsinki},
	isbn = {978-952-10-9922-9},
	publisher = {Unigrafia OY},
	title = {A quick introduction to Zonation.},
	url = {http://cbig.it.helsinki.fi/files/zonation/Z_quick_intro_manual_B5_final_3.pdf},
	year = {2014},
}
@article{Diaz2018,
	author = {Sandra Díaz and Unai Pascual and Marie Stenseke and Berta Martín-López and Robert T Watson and Zsolt Molnár and Rosemary Hill and Kai M A Chan and Ivar A Baste and Kate A Brauman and Stephen Polasky and Andrew Church and Mark Lonsdale and Anne Larigauderie and Paul W Leadley and Alexander P E van Oudenhoven and Felice van der Plaat and Matthias Schröter and Sandra Lavorel and Yildiz Aumeeruddy-Thomas and Elena Bukvareva and Kirsten Davies and Sebsebe Demissew and Gunay Erpul and Pierre Failler and Carlos A Guerra and Chad L Hewitt and Hans Keune and Sarah Lindley and Yoshihisa Shirayama},
	doi = {10.1126/science.aap8826},
	issn = {0036-8075},
	issue = {6373},
	journal = {Science},
	pages = {270-272},
	pmid = {29348221},
	title = {Assessing nature's contributions to people},
	volume = {359},
	year = {2018},
}
@article{Dinerstein2017,
	author = {Eric Dinerstein and David Olson and Anup Joshi and Carly Vynne and Neil D Burgess and Eric D Wikramanayake and Nathan Hahn and Suzanne Palminteri and Prashant Hedao and Reed Noss and Matt Hansen and Harvey Locke and Erle C Ellis and Benjamin Jones and Charles Victor Barber and Randy Hayes and Cyril Kormos and Vance Martin and Eileen Crist and Wes Sechrest and Lori Price and Jonathan E M Baillie and Don Weeden and Kierán Suckling and Crystal Davis and Nigel Sizer and Rebecca Moore and David Thau and Tanya Birch and Peter Potapov and Svetlana Turubanova and Alexandra Tyukavina and Nadia D E Souza and Lilian Pintea and José C Brito and Othman A Llewellyn and Anthony G Miller and Annette Patzelt and Shahina A Ghazanfar and Jonathan Timberlake and Heinz Klöser and Yara Shennan-Farpón and Roeland Kindt and Jens-Peter Barnekow Lillezo and Paulo van Breugel and Lars Graudal and Maianna Voge and Khalaf F Al-Shammari and Muhammad Saleem},
	doi = {10.1093/biosci/bix014},
	issue = {6},
	journal = {BioScience},
	keywords = {Aichi target 11,Nature Needs Half,ecoregions,global biodiversity conservation strategies,protected areas},
	pages = {534-545},
	title = {An Ecoregion-Based Approach to Protecting Half the Terrestrial Realm},
	volume = {67},
	year = {2017},
}
@article{DinizFilho2020,
	author = {José Alexandre Felizola Diniz-Filho and Ana Clara de Oliveira Ferraz Barbosa and Lázaro José Chaves and Kelly da Silva e Souza and Ricardo Dobrovolski and Ludmila Rattis and Levi Carina Terribile and Matheus Souza Lima-Ribeiro and Guilherme de Oliveira and Fernanda Thiesen Brum and Rafael Loyola and Mariana Pires de Campos Telles},
	doi = {10.1007/s10531-018-1667-y},
	issn = {15729710},
	issue = {5},
	journal = {Biodiversity and Conservation},
	keywords = {Brazilian Cerrado,Ecological niche modeling,Eugenia dysenterica,Genetic diversity,Irreplaceability},
	pages = {1555-1570},
	publisher = {Springer},
	title = {Overcoming the worst of both worlds: integrating climate change and habitat loss into spatial conservation planning of genetic diversity in the Brazilian Cerrado},
	volume = {29},
	year = {2020},
}
@article{DinizFilho2008,
	author = {José Alexandre Felizola Diniz-Filho and Luis Mauricio Bini and Míriam Plaza Pinto and Levi Carina Terribile and Guilherme de Oliveira and Cleiber Marques Vieira and Daniel Blamires and Bruno de Souza Barreto and Priscilla Carvalho and Thiago Fernando L V B Rangel and Natalia Mundin Tôrres and Rogério Pereira Bastos},
	doi = {10.1017/S0030605308001129},
	issue = {4},
	journal = {Oryx},
	pages = {567-577},
	title = {Conservation planning: A macroecological approach using the endemic terrestrial vertebrates of the Brazilian Cerrado},
	volume = {42},
	year = {2008},
}
@article{DinizFilho2008b,
	author = {José Alexandre Felizola Diniz-Filho and Luis Mauricio Bini and Cleiber Marques Vieira and Daniel Blamires and Levi Carina Terribile and Rogério Pereira Bastos and Guilherme de Oliveira and Bruno de Souza},
	issue = {2},
	journal = {Zoological Studies},
	pages = {146-157},
	title = {Spatial Patterns of Terrestrial Vertebrate Species Richness in the Brazilian Cerrado},
	volume = {47},
	year = {2008},
}

@article{Durigan2003,
	author = {Giselda Durigan and M F Siqueira and G A D C Franco and Samuel Bridgewater and James A Ratter},
	doi = {10.1017/s0960428603000155},
	issn = {0960-4286},
	issue = {2},
	journal = {Edinburgh Journal of Botany},
	keywords = {beta diversity,brazil,cerrado,conservation,multivariate analysis,species},
	pages = {217-241},
	title = {The Vegetation of Priority Areas for Cerrado Conservation in {S}ão {P}aulo State, Brazil},
	volume = {60},
	year = {2003},
}
@article{Edler2017,
	author = {Daniel Edler and Thaís B Guedes and Alexander Zizka and Martin Rosvall and Alexandre Antonelli},
	doi = {10.1093/sysbio/syw087},
	issue = {2},
	journal = {Systematic Biology},
	pages = {197-204},
	title = {Infomap bioregions: Interactive mapping of biogeographical regions from species distributions},
	volume = {66},
	year = {2017},
}
@article{Eiten1972,
	author = {George Eiten},
	doi = {10.1007/BF02859158},
	isbn = {0006-8101},
	issn = {00068101},
	issue = {2},
	journal = {The Botanical Review},
	pages = {201-341},
	pmid = {25246403},
	title = {The cerrado vegetation of Brazil},
	volume = {38},
	year = {1972},
}
@article{Eken2004,
	author = {Güven Eken and Leon Bennun and Thomas M Brooks and Will Darwall and Lincoln D C Fishpool and Matt Foster and David Knox and Penny Langhammer and Paul Matiku and Elizabeth Radford and Paul Salaman and Wes Sechrest and Michael L. Smith and Sacha Spector and Andrew Tordoff},
	doi = {10.1641/0006-3568(2004)054[1110:KBAASC]2.0.CO;2},
	issue = {12},
	journal = {BioScience},
	pages = {1110-1118},
	title = {Key biodiversity areas as site conservation targets},
	volume = {54},
	year = {2004},
}
@article{Feng2022,
	author = {Chun‐Ting Feng and Ming Cao and Fang‐Zheng Liu and Yue Zhou and Jin‐Hong Du and Li‐Bo Zhang and Wen‐Jie Huang and Jian‐Wu Luo and Jun‐Sheng Li and Wei Wang},
	doi = {10.1111/cobi.13887},
	journal = {Conservation Biology},
	keywords = {baseline-plus-change framework,conservation effectiveness,human pressure index,management effectiveness},
	pages = {1-10},
	title = {Improving protected area effectiveness through consideration of different human‐pressure baselines},
	year = {2022},
}
@article{Ficetola2014,
	author = {Gentile Francesco Ficetola and Carlo Rondinini and Anna Bonardi and Vineet Katariya and Emilio Padoa-Schioppa and Ariadne Angulo},
	doi = {10.1111/jbi.12206},
	issn = {03050270},
	issue = {2},
	journal = {Journal of Biogeography},
	keywords = {Alpha-hulls,Amphibians,Conservation biogeography,Data quality,GBIF,Measurement error,Point data,Range size,Species distribution range,Wallacean shortfall},
	pages = {211-221},
	title = {An evaluation of the robustness of global amphibian range maps},
	volume = {41},
	year = {2014},
}
@article{Ficetola2017,
	author = {Gentile Francesco Ficetola and Florent Mazel and Wilfried Thuiller},
	doi = {10.1038/s41559-017-0089},
	isbn = {2397-334X},
	issn = {2397334X},
	issue = {4},
	journal = {Nature Ecology and Evolution},
	pages = {1-7},
	publisher = {Macmillan Publishers Limited, part of Springer Nature.},
	title = {Global determinants of zoogeographical boundaries},
	volume = {1},
	year = {2017},
}
@article{FickHijmans2017,
	author = {Fick, S E and Hijmans, R J},
	volume = {37},
	issue = {12},
	journal = {International Journal of Climatology},
	pages = {4302-4315},
	title = {WorldClim 2: new 1km spatial resolution climate surfaces for global land areas},
	year = {2017},
	url = {https://worldclim.org/data/monthlywth.html},
}
@article{Francoso2015,
	author = {Renata D Françoso and Reuber Brandão and Cristiano de Campos Nogueira and Yuri B Salmona and Ricardo Bomfim Machado and Guarino R Colli},
	doi = {10.1016/j.ncon.2015.04.001},
	isbn = {16790073},
	issn = {16790073},
	journal = {Natureza e Conservação},
	keywords = {Biodiversity,CDB,Conservation targets,Deforestation,Management,Neotropical region,Savanna},
	pages = {35-40},
	title = {Habitat loss and the effectiveness of protected areas in the Cerrado Biodiversity Hotspot},
	volume = {13},
	year = {2015},
}@article{Francoso2020,
	author = {Renata D Françoso and Kyle G Dexter and Ricardo Bomfim Machado and R Toby Pennington and José R R Pinto and Reuber A Brandão and James A Ratter},
	doi = {10.1007/s10531-019-01819-3},
	issue = {5},
	journal = {Biodiversity and Conservation},
	keywords = {Biogeographic regionalization,Brazilian savanna,Indicator species,Neotropical savanna,Phytogeography},
	pages = {1477-1500},
	title = {Delimiting floristic biogeographic districts in the Cerrado and assessing their conservation status},
	volume = {29},
	year = {2020},
	}
@book{Franklin2010,
	author = {Janet Franklin},
	address = {New York},
	pages = {320},
	publisher = {Cambridge University Press},
	title = {Mapping species distributions Spatial interference and prediction},
	year = {2010},
	}
@misc{Frost2020,
	author = {Darrel R Frost},
	doi = {10.5531/db.vz.0001},
	title = {Amphibian species of the World: an Online Reference. version 6.1},
	url = {https://amphibiansoftheworld.amnh.org/index.php},
	year = {2020},
}
@article{Fuller2007,
	author = {Trevon Fuller and Víctor Sánchez-Cordero and Patricia Illoldi-Rangel and Miguel Linaje and Sahotra Sarkar},
	doi = {10.1016/j.biocon.2006.08.028},
	issn = {00063207},
	issue = {4},
	journal = {Biological Conservation},
	keywords = {Conservation areas,Land use,Mexico,Natural protected areas,Optimization,Reserve selection},
	pages = {593-600},
	title = {The cost of postponing biodiversity conservation in Mexico},
	volume = {134},
	year = {2007},
}


@article{Gaston1996,
	author = {Kevin J Gaston},
	doi = {10.1016/0169-5347(96)10027-6},
	isbn = {0169-5347},
	issn = {01695347},
	issue = {5},
	journal = {Trends in Ecology and Evolution},
	pages = {197-201},
	pmid = {21237808},
	title = {Species-range-size distributions: Patterns, mechanisms and implications},
	volume = {11},
	year = {1996},
}
@article{Gaston1998,
	author = {Kevin J Gaston},
	doi = {10.1038/28288},
	issue = {6690},
	journal = {Nature},
	pages = {229-230},
	title = {Rarity as double jeopardy},
	volume = {394},
	year = {1998},
}
@book{Gaston2003,
	author = {Kevin J Gaston},
	year = {2003},
	title = {The structure and dynamics of geographic ranges},
	publisher = {Oxford University Press},
	address = {New York},
}
@article{Geldmann2013,
	author = {Jonas Geldmann and Megan Barnes and Lauren Coad and Ian D. Craigie and Marc Hockings and Neil D. Burgess},
	doi = {10.1016/j.biocon.2013.02.018},
	issn = {00063207},
	journal = {Biological Conservation},
	keywords = {Effectiveness,Habitat loss,Management,Population trend,Protected area,Systematic review},
	pages = {230-238},
	publisher = {Elsevier Ltd},
	title = {Effectiveness of terrestrial protected areas in reducing habitat loss and population declines},
	volume = {161},
	year = {2013},
}
@article{GEE,
	title={Google Earth Engine: Planetary-scale geospatial analysis for everyone},
	author={Gorelick, Noel and Hancher, Matt and Dixon, Mike and Ilyushchenko, Simon and Thau, David and Moore, Rebecca},
	journal={Remote Sensing of Environment},
	year={2017},
	volume= {202},
	pages = {18-27},
	doi={10.1016/j.rse.2017.06.031},
}
@article{Ginsberg1999,
	author = {J Ginsberg},
	doi = {10.1046/j.1523-1739.1999.013001005.x},
	issue = {1},
	journal = {Conservation Biology},
	pages = {5},
	title = {Global conservation priorities},
	volume = {13},
	year = {1999},
}
@article{Grande2020,
	author = {Thallita O Grande and Ludmilla M S Aguiar and Ricardo Bomfim Machado},
	doi = {10.1007/s10980-020-00968-z},
	issue = {3},
	journal = {Landscape Ecology},
	pages = {639-657},
	title = {Heating a biodiversity hotspot: connectivity is more important than remaining habitat},
	volume = {35},
	year = {2020},
}
@article{Guedes2014,
	author = {Thaís B Guedes and Ricardo J Sawaya and Cristiano de Campos Nogueira},
	doi = {10.1111/jbi.12272},
	isbn = {1365-2699},
	issn = {13652699},
	journal = {Journal of Biogeography},
	keywords = {Biodiversity,Biotic elements,Conservation biogeography,Distribution patterns,Endemism,Habitat loss,Neotropical region,Protected areas,Regionalization,Serpentes},
	pages = {919-931},
	title = {Biogeography, vicariance and conservation of snakes of the neglected and endangered Caatinga region, north-eastern Brazil},
	volume = {41},
	year = {2014},
}
@article{GutierrezMarinho2017,
	author = {Eliécer E Gutiérrez and Jader Marinho-Filho},
	doi = {10.3897/zookeys.644.10827},
	issn = {13132970},
	issue = {644},
	journal = {ZooKeys},
	keywords = {Biogeography,Bolivia,Brazil,Checklist,Conservation,Dry diagonal,Evolution,Habitat,Mammals,Nomenclature,Savannas,Taxonomy},
	pages = {105-157},
	title = {The mammalian faunas endemic to the Cerrado and the Caatinga},
	volume = {2017},
	year = {2017},
}
@book{Gwynne2010,
	author = {Gwynne, J. A. and Ridgely, R. S. and Tudor, G. and Argel, M.},
	title = {Aves do Brasil: Pantanal \& Cerrado},
	year = {2010},
	address = {São Paulo},
	publisher = {Editora Horizonte},
	pages = {322}
}
@article{HaroldMooi1994,
	author = {Antony S Harold and Randall D Mooi},
	issue = {2},
	journal = {Systematic Biology},
	pages = {261-266},
	title = {Areas of Endemism: Definition and Recognition Criteria},
	volume = {43},
	year = {1994},
}
@article{Hausdorf2002,
	author = {Bernhard Hausdorf},
	doi = {10.1080/10635150290102320},
	issue = {4},
	journal = {Systematic Biology},
	pages = {648-652},
	title = {Units in Biogeography},
	volume = {51},
	year = {2002},
}
@article{Hausdorf2003,
	author = {Bernhard Hausdorf and Christian Hennig},
	doi = {10.1080/10635150390235584},
	isbn = {1063-5157},
	issn = {10635157},
	issue = {5},
	journal = {Systematic Biology},
	keywords = {Area of endemism,Biogeography,Biotic elements,Null model,Scobius,South Africa,Vicariance},
	pages = {717-723},
	pmid = {14530138},
	title = {Biotic Element Analysis in Biogeography},
	volume = {52},
	year = {2003},
}
@article{Hausdorf2006,
	author = {Bernhard Hausdorf and Christian Hennig},
	doi = {10.1111/j.1365-2699.2006.01508.x},
	issue = {7},
	journal = {Journal of Biogeography},
	keywords = {Aegean Islands,Biogeography,Biotic elements,Helicoidea,Iberian Peninsula,Israel,Land snails,Palestine,Speciation,Vicariance},
	pages = {1202-1211},
	title = {Biogeographical tests of the vicariance model in Mediterranean land snails},
	volume = {33},
	year = {2006},
}
@article{Hennig2004,
	author = {Christian Hennig and Bernhard Hausdorf},
	doi = {10.1016/S0167-9473(03)00091-4},
	issue = {4},
	journal = {Computational Statistics and Data Analysis},
	keywords = {Biogeography,Clustering under noise,Double bootstrap,Monte Carlo,Presence-absence data,Spatial autocorrelation},
	pages = {875-895},
	title = {Distance-based parametric bootstrap tests for clustering of species ranges},
	volume = {45},
	year = {2004},
}
@article{Hennig2006,
	author = {Christian Hennig and Bernhard Hausdorf},
	doi = {10.1080/10635150500481523},
	issue = {1},
	journal = {Systematic Biology},
	pages = {170-175},
	title = {A robust distance coefficient between distribution areas incorporating geographic distances},
	volume = {55},
	year = {2006},
}
@misc{Hennig2020,
	author = {Christian Hennig and Bernhard Hausdorf},
	url={https://CRAN.R-project.org/package=prabclus},
	title = {prabclus: Functions for Clustering and Testing of Presence-Absence, Abundance and Multilocus Genetic Data. R package version 2.3-2},
	year = {2020},
}
@article{Holt2013,
	author = {Ben G Holt and Jean Philippe Lessard and Michael K Borregaard and Susanne A Fritz and Miguel Bastos Araújo and Dimitar Dimitrov and Pierre Henri Fabre and Catherine H Graham and Gary R Graves and Knud A Jønsson and David Nogués-Bravo and Zhiheng Wang and Robert J Whittaker and Jon Fjeldså and Carsten Rahbek},
	doi = {10.1126/science.1228282},
	issn = {10959203},
	issue = {6115},
	journal = {Science},
	pages = {74-78},
	title = {An update of Wallace's zoogeographic regions of the world},
	volume = {339},
	year = {2013},
}
@article{Hortal2015,
	author = {Joaquín Hortal and Francesco De Bello and José Alexandre Felizola Diniz-Filho and Thomas M Lewinsohn and Jorge M Lobo and Richard J Ladle},
	doi = {10.1146/annurev-ecolsys-112414-054400},
	journal = {Annual Review of Ecology, Evolution, and Systematics},
	pages = {523-549},
	title = {Seven Shortfalls that Beset Large-Scale Knowledge of Biodiversity},
	volume = {46},
	year = {2015},
}
@article{Howard2014,
	author = {Sam D. Howard and David P. Bickford},
	doi = {10.1111/ddi.12218},
	issn = {14724642},
	issue = {7},
	journal = {Diversity and Distributions},
	keywords = {Anura,Caudata,Gymnophiona,IUCN Redlist,Machine learning,Predictive model},
	pages = {837-846},
	title = {Amphibians over the edge: Silent extinction risk of Data Deficient species},
	volume = {20},
	year = {2014},
}
@misc{IBGE1993,
	author = {{\bibcorporate{Instituto Brasileiro de Geografía Estatística}} IBGE},
	address = {Rio de Janeiro, Brasil},
	title = {Mapa de Vegetação do Brasil. Map 1:5,000,000},
	year = {1993},
}
@book{ICMBio2018,
	author = {{\bibcorporate{Instituto Chico Mendes de Conservação da Biodiversidade}} ICMBio},
	title = {Livro vermelho da fauna brasileira ameaçada de extinção},
	year = {2018},
	address = {Brasília},
	publisher = {ICMBio/MMA},
	pages = {492},
}
@misc{ICMBio2023,
	author = {{\bibcorporate{Instituto Chico Mendes de Conservação da Biodiversidade}} ICMBio},
	url = {https://salve.icmbio.gov.br/},
	title = {Sistema de avaliação do risco de extinção da biodiversidade - SALVE},
	year = {2023},
	note = {Accessed: March, 2023},
}
@book{IPBES2019,
	author = {IPBES},
	address = {Bonn, Germany},
	editor = {E S Brondízio and J Settele and S Díaz and H T Ngo},
	isbn = {9783947851201},
	publisher = {IPBES secretariat},
	title = {The global assessment report on biodiversity and ecosystem services},
	url = {www.ipbes.net},
	year = {2019},
}
@misc{IUCN2022,
	author = {IUCN},
	note = {Version 2021-3},
	title = {The IUCN Red List of Threatened Species},
	url = {https://www.iucnredlist.org},
	year = {2022},
}
@misc{IUCN2023,
	author = {IUCN},
	note = {Version 2022-2},
	title = {The IUCN Red List of Threatened Species},
	url = {https://www.iucnredlist.org},
	year = {2023},
}
@misc{IUCN-TWG,
	author = {{IUCN Red List Technical Working Group}},
	title = {Mapping standards and data quality for the IUCN Red List categories and criteria.},
	year = {2021},
	note = {Version 1.19. Prepared by the Standards and Petitions Working Group of the IUCN SSC Red List Committee},
	url = {https://nc.iucnredlist.org/redlist/content/attachment_files/Mapping_Standards_Version_1.19_2021.pdf},
}
@misc{IUCN2020,
	author = {IUCN and UNEP},
	address = {Cambridge, UK},
	publisher = {UNEP-WCMC},
	title = {The World Database of Protected Areas (WDPA)},
	url = {www.protectedplanet.net},
	year = {2020},
}
@article{Jaric2016,
	author = {Ivan Jarić and Franck Courchamp and Jörn Gessner and David L Roberts},
	doi = {10.1007/s10531-016-1164-0},
	issn = {15729710},
	issue = {10},
	journal = {Biodiversity and Conservation},
	keywords = {Data Deficient,Endangered species,Extinction risk,IUCN Red List,Threatened species},
	pages = {1995-2000},
	title = {Potentially threatened: a Data Deficient flag for conservation management},
	volume = {25},
	year = {2016},
}
@misc{KBAs2022,
	author = {{KBA Standards and Appeals Committee of IUCN SSC/WCPA}},
	title = {Guidelines for using A Global Standard for the Identification of Key Biodiversity Areas},
	year = {2022},
	doi = {10.2305/IUCN.CH.2022.KBA.1.2.en},
	address = {Gland, Switzerland},
	publisher = {IUCN},
	note = {Version 1.2},
}
@article{KlinkMachado2005,
	author = {Carlos A Klink and Ricardo Bomfim Machado},
	doi = {10.1111/j.1523-1739.2005.00702.x},
	issn = {0888-8892},
	issue = {3},
	journal = {Conservation Biology},
	pages = {707-713},
	title = {Conservation of the Brazilian Cerrado},
	volume = {19},
	year = {2005},
}
@article{KreftJetz2010,
	author = {Holger Kreft and Walter Jetz},
	doi = {10.1111/j.1365-2699.2010.02375.x},
	issue = {11},
	journal = {Journal of Biogeography},
	pages = {2029-2053},
	title = {A framework for delineating biogeographical regions based on species distributions},
	volume = {37},
	year = {2010},
}
@article{Laffan2010,
	author = {Shawn W Laffan and Eugene Lubarsky and Dan F Rosauer},
	doi = {10.1111/j.1600-0587.2010.06237.x},
	issue = {4},
	journal = {Ecography},
	month = {9},
	pages = {643-647},
	title = {Biodiverse, a tool for the spatial analysis of biological and related diversity},
	volume = {33},
	year = {2010},
	note = {Version 1.0},
}
@article{Lamoreux2006,
	author = {John F Lamoreux and John C Morrison and Taylor H Ricketts and David M Olson and Eric Dinerstein and Meghan W McKnight and Herman H Shugart},
	doi = {10.1038/nature04291},
	issue = {7081},
	journal = {Nature},
	pages = {212-214},
	title = {Global tests of biodiversity concordance and the importance of endemism},
	volume = {440},
	year = {2006},
}

@article{Lemes2020,
	author = {Larissa Lemes and André Felipe Alves Andrade and Rafael Loyola},
	doi = {10.1007/s10531-019-01719-6},
	isbn = {0123456789},
	issn = {15729710},
	issue = {5},
	journal = {Biodiversity and Conservation},
	keywords = {Agriculture,Brazil,Conservation policy,Mammals,Spatial conservation planning,Tropical savanna},
	pages = {1683-1700},
	publisher = {Springer Netherlands},
	title = {Spatial priorities for agricultural development in the Brazilian Cerrado: may economy and conservation coexist?},
	volume = {29},
	year = {2020},
}
@article{Loyola2022,
	author = {Rafael Loyola},
	doi = {10.1371/journal.pclm.0000016},
	isbn = {1111111111},
	issue = {3},
	journal = {PLOS Climate},
	pages = {e0000016},
	title = {An era of delivery, not promises},
	volume = {1},
	year = {2022},
}
@inbook{Lim2016,
	author = {B K Lim and V Pacheco},
	journal = {Core standardized methods for rapid biological field assesment},
	title = {Small Non - Volant mammals},
	year = {2016},
}
@article{LimaRezende2019,
	author = {Cássia Alves Lima-Rezende and Amanda Vaz Rocha and Antônio Felipe Couto Jr. and Éder de Souza Martins and Vinicius Vasconcelos and Renato Caparroz},
	doi = {10.1371/journal.pone.0212876},
	issue = {3},
	journal = {PLoS ONE},
	pages = {1-19},
	title = {Late [P]leistocene climatic changes promoted demographic expansion and population reconnection of a [N]eotropical savanna-adapted bird, \textit{Neothraupis fasciata} (Aves: Thraupidae)},
	volume = {14},
	year = {2019},
}
@article{Liuetal2022,
	author = {Jiajia Liu and Ferry Slik and Shilu Zheng and David B. Lindenmayer},
	doi = {10.1111/conl.12876},
	journal = {Conservation Letters},
	keywords = {description date,extinction risk,new species,threatened species,undescribed species},
	title = {Undescribed species have higher extinction risk than known species},
	year = {2022},
}
@article{Locke2005,
	author = {Harvey Locke and Philip Dearden},
	doi = {10.1017/S0376892905001852},
	issue = {1},
	journal = {Environmental Conservation},
	pages = {1-10},
	title = {Rethinking protected area categories and the new paradigm},
	volume = {32},
	year = {2005},
}
@article{Lopes2008,
	author = {L. E. Lopes},
	doi = {10.1111/j.1472-4642.2007.00441.x},
	issue = {4},
	journal = {Diversity and Distributions},
	keywords = {Birds,Cerrado,Curl-crested jay,Cyanocorax cristatellus,Endemism,Range shift},
	pages = {561-568},
	title = {The range of the curl-crested jay: Lessons for evaluating bird endemism in the South American Cerrado},
	volume = {14},
	year = {2008},
}
@article{Machado2023,
	author = {Ricardo B Machado and Ludmilla M S Aguiar},
	doi = {10.1126/science.adh1840},
	issue = {6642},
	journal = {Science},
	pages = {238-239},
	title = {Could you spare an acre for conservation?},
	volume = {380},
	year = {2023},
}
@inbook{Macedo2002,
	author = {Regina H F Macedo},
	address = {New York},
	editor = {Paulo Oliveira and Robert Marquis},
	book = {The Cerrados of Brazil},
	pages = {242-265},
	publisher = {Columbia University Press},
	title = {The Avifauna: Ecology, Biogeography, and Behavior},
	year = {2002},
	doi = {10.7312/oliv12042},
}
@misc{MapBiomas2022,
	author = {MapBiomas},
	title = {Collection of Brazilian land cover and use map annual series v.6.0},
	url = {https://mapbiomas.org},
	year = {2022},
}
@article{Margules2000,
	author = {Chris R Margules and Robert L Pressey},
	journal = {Nature},
	pages = {243-253},
	title = {Systematic conservation planning},
	volume = {405},
	year = {2000},
}
@article{Marin2018,
	author = {Julie Marin and Giovanni Rapacciuolo and Gabriel C Costa and Catherine H Graham and Thomas M Brooks and Bruce E Young and Volker C Radeloff and Jocelyn E Behm and Matthew R Helmus and S. Blair Hedges},
	doi = {10.1098/rspb.2017.2378},
	journal = {Proceedings of the Royal Society B: Biological Sciences},
	pages = {20172378},
	title = {Evolutionary time drives global tetrapod diversity},
	volume = {285},
	year = {2018},
}
@inbook{MarinhoFilho2002,
	author = {Jader {Marinho-Filho} and Flávio H G Rodrigues and Keila M Juarez},
	address = {New York},
	editor = {Paulo Oliveira and Robert Marquis},
	book = {The Cerrados of Brazil},
	pages = {266-286},
	publisher = {Columbia University Press},
	title = {The Cerrado Mammals: Diversity, Ecology, and Natural History},
	year = {2002},
	doi = {10.7312/oliv12042},
}
@article{Maxwell2020,
	author = {Sean L Maxwell and Victor Cazalis and Nigel Dudley and Michael Hoffmann and Ana S L Rodrigues and Sue Stolton and Piero Visconti and Stephen Woodley and Naomi Kingston and Edward Lewis and Martine Maron and Bernardo B N Strassburg and Amelia Wenger and Harry D Jonas and Oscar Venter and James E M Watson},
	doi = {10.1038/s41586-020-2773-z},
	issn = {14764687},
	issue = {7828},
	journal = {Nature},
	pages = {217-227},
	pmid = {33028996},
	publisher = {Springer US},
	title = {Area-based conservation in the twenty-first century},
	volume = {586},
	year = {2020},
}
@article{Meiri2018,
	author = {Shai Meiri and Aaron M Bauer and Allen Allison and Fernando Castro-Herrera and Laurent Chirio and Guarino R Colli and Indraneil Das and Tiffany M Doan and Frank Glaw and Lee L Grismer and Marinus Hoogmoed and Fred Kraus and Matthew LeBreton and Danny Meirte and Zoltán T Nagy and Cristiano Campos Nogueira and Paul Oliver and Olivier S G Pauwels and Daniel Pincheira-Donoso and Glenn Shea and Roberto Sindaco and Oliver J S Tallowin and Omar Torres-Carvajal and Jean Francois Trape and Peter Uetz and Philipp Wagner and Yuezhao Wang and Thomas Ziegler and Uri Roll},
	doi = {10.1111/ddi.12678},
	issue = {2},
	journal = {Diversity and Distributions},
	pages = {262-273},
	title = {Extinct, obscure or imaginary: The lizard species with the smallest ranges},
	volume = {24},
	year = {2018},
}
@article{Mishler2014,
	author = {Brent D Mishler and Nunzio Knerr and Carlos E González-Orozco and Andrew H Thornhill and Shawn W Laffan and Joseph T Miller},
	doi = {10.1038/ncomms5473},
	issn = {20411723},
	issue = {4473},
	journal = {Nature Communications},
	title = {Phylogenetic measures of biodiversity and neo-and paleo-endemism in Australian acacia},
	volume = {5},
	year = {2014},
}
@article{Mittermeier1998,
	author = {Russell A Mittermeier and Norman Myers and Jorgen B Thomsen and Gustavo A B Fonseca and Silvio Olivieri},
	doi = {10.1046/j.1523-1739.1998.012003516.x},
	issue = {3},
	journal = {Conservation Biology},
	pages = {516-520},
	title = {Biodiversity hotspots and major tropical wilderness areas: Approaches to setting conservation priorities},
	volume = {12},
	year = {1998},
}
@book{Mittermeier2004,
	author = {Mittermeier, R A and Gil, P R and Hoffman, M and Pilgrim, J and Brooks, T and Mittermeier, C G and Lamoreux, J and Gustavo A B Fonseca},
	address = {Mexico City},
	pages = {390},
	publisher = {Cemex},
	title = {Hotspots revisited: earth's biologically richest and most endangered terrestrial ecoregions},
	year = {2004},
}
@book{Moilanen2014,
	author = {Atte Moilanen and Federico M Pouzols and Laura Meller and Victoria Veach and Anni Arponen and Jarno Leppänen and Heini Kujala},
	address = {Helsinki, Finland},
	isbn = {9789521099199},
	pages = {288},
	publisher = {C-BIG Conservation Biology Informatics Group},
	title = {Spatial conservation planning methods and software ZONATION. User manual.},
	year = {2014},
}
@article{Monteiro2020,
	author = {Lara M Monteiro and Fernanda Thiesen Brum and Robert L Pressey and L Patricia C Morellato and Britaldo Soares-Filho and Matheus S Lima-Ribeiro and Rafael Loyola},
	doi = {10.1007/s10531-018-1627-6},
	journal = {Biodiversity and Conservation},
	title = {Evaluating the impact of future actions in minimizing vegetation loss from land conversion in the Brazilian Cerrado under climate change},
	year = {2020},
}
@article{Morais2013,
	author = {Alessandro R Morais and Mariana N Siqueira and Priscila Lemes and Natan Medeiros Maciel and Paulo De Marco and Daniel Brito},
	doi = {10.1016/j.biocon.2013.06.010},
	issn = {00063207},
	journal = {Biological Conservation},
	keywords = {Anuran,Brazil,Extinction risk,IUCN Red List},
	pages = {98-102},
	publisher = {Elsevier Ltd},
	title = {Unraveling the conservation status of data deficient species},
	volume = {166},
	year = {2013},
}
@article{Morrone2002,
	author = {Juan J Morrone},
	journal = {Journal of Biogeography},
	pages = {149-152},
	title = {Biogeographical regions under track and cladistic scrutiny},
	volume = {29},
	year = {2002},
}
@article{Morrone2018,
	author = {Juan J Morrone},
	doi = {10.1111/jbi.13135},
	issue = {2},
	journal = {Journal of Biogeography},
	pages = {282-288},
	title = {The spectre of biogeographical regionalization},
	volume = {45},
	year = {2018},
}
@article{Moura2021,
	author = {Mario R Moura and Walter Jetz},
	doi = {10.1038/s41559-021-01411-5},
	issue = {5},
	journal = {Nature Ecology and Evolution},
	pages = {631-639},
	title = {Shortfalls and opportunities in terrestrial vertebrate species discovery},
	volume = {5},
	year = {2021},
}
@article{Muller1979,
	author = {Müller, P},
	year = {1979},
	title = {Campo Cerrado - Forest or Savanna?},
	journal = {GeoJournal},
	volume = {3},
	issue = {1},
	pages = {15-25},
}
@article{Myers1988,
	author = {Norman Myers},
	doi = {10.1007/BF02240252},
	issue = {3},
	journal = {The Environmentalist},
	pages = {187-208},
	title = {Threatened biotas: “Hot spots” in tropical forests},
	volume = {8},
	year = {1988},
}
@article{Myers1990,
	author = {Norman Myers},
	doi = {10.1007/BF02239720},
	issue = {4},
	journal = {The Environmentalist},
	pages = {243-256},
	title = {The biodiversity challenge: Expanded hot-spots analysis},
	volume = {10},
	year = {1990},
}
@article{Myers2000,
	author = {Norman Myers and Russell A Mittermeier and Cristina G Mittermeier and Gustavo A B Fonseca and Jennifer Kent},
	doi = {10.1038/35002501},
	issue = {6772},
	journal = {Nature},
	pages = {853-858},
	title = {Biodiversity hotspots for conservation priorities},
	volume = {403},
	year = {2000},
}
@book{Nelson1981,
	author = {Gareth Nelson and Norman I Platnick},
	address = {New York},
	isbn = {0-231-04574-3},
	pages = {567},
	publisher = {Columbia University Press},
	title = {Systematics and Biogeography Cladistics and Vicariance},
	year = {1981},
}
@article{NobregaDeMarco2011,
	author = {Caroline C Nóbrega and Paulo De Marco},
	doi = {10.1111/j.1472-4642.2011.00749.x},
	issue = {3},
	journal = {Diversity and Distributions},
	pages = {491-505},
	title = {Unprotecting the rare species: A niche-based gap analysis for odonates in a core Cerrado area},
	volume = {17},
	year = {2011},
}
@inbook{Nogueira2010,
	author = {Cristiano Campos Nogueira and Guarino R Colli and Gabriel C Costa and Ricardo Bomfim Machado},
	address = {Brasília},
	editor = {Ivone Rezende Diniz and Jader Marinho-Filho and Ricardo Bomfim Machado and R B Cavalcanti},
	title = {Cerrado: Conhecimento científico quantitativo como subsídio para ações de conservação},
	pages = {329-372},
	publisher = {Editora UnB},
	chapter = {Diversidade de répteis Squamata e evolução do conhecimento faunístico no Cerrado},
	year = {2010},
}
@article{Nogueira2019,
	author = {Cristiano Campos Nogueira and Antônio Jorge Suzart Argôlo and Vanesa Arzamendia and Josué A R Azevedo and Fausto E Barbo and Renato S Bérnils and Bruna E Bolochio and Marcio Borges-Martins and Marcela Brasil-Godinho and Henrique Braz and Marcus A Buononato and Diego F Cisneros-Heredia and Guarino R Colli and Henrique C Costa and Francisco L Franco and Alejandro R Giraudo and Rodrigo C Gonzalez and Thaís B Guedes and Marinus S Hoogmoed and Otavio A V Marques and Giovanna G Montingelli and Paulo Passos and Ana L C Prudente and Gilson A Rivas and Paola M Sanchez and Filipe Cabreirinha Serrano and Nelson Jorge Silva and Christine Strüssmann and João Paulo dos Santos Vieira-Alencar and Hussam Zaher and Ricardo J Sawaya and Marcio Martins},
	doi = {http://dx.doi.org/10.2994/sajh-d-19-00120.1},
	issn = {1808-9798},
	issue = {sp1},
	journal = {South American Journal of Herpetology},
	pages = {1-274},
	title = {Atlas of Brazilian Snakes: Verified Point-Locality Maps to Mitigate the Wallacean Shortfall in a Megadiverse Snake Fauna},
	volume = {14},
	year = {2019},
}
@article{Nogueira2009,
	author = {Cristiano Campos Nogueira and Guarino R Colli and Marcio Martins},
	doi = {10.1111/j.1442-9993.2008.01887.x},
	issn = {14429985},
	issue = {1},
	journal = {Austral Ecology},
	keywords = {Biodiversity,Cerrado,Habitat use,Lizards,Squamate reptiles},
	pages = {83-96},
	title = {Local richness and distribution of the lizard fauna in natural habitat mosaics of the Brazilian Cerrado},
	volume = {34},
	year = {2009},
}
@article{Nori2013,
	author = {Javier Nori and Julián N Lescano and Patricia Illoldi-Rangel and Nicolás Frutos and Mario R Cabrera and Gerardo C Leynaud},
	doi = {10.1016/j.biocon.2012.11.020},
	issn = {00063207},
	journal = {Biological Conservation},
	keywords = {Amphibians,ConsNet,Conservation areas,Deforestation,Reptiles},
	pages = {507-513},
	publisher = {Elsevier Ltd},
	title = {The conflict between agricultural expansion and priority conservation areas: Making the right decisions before it is too late},
	volume = {159},
	year = {2013},
}
@article{Nori2015,
	author = {Javier Nori and Rafael Loyola},
	doi = {10.1371/journal.pone.0125055},
	issn = {19326203},
	issue = {5},
	journal = {PLoS ONE},
	pages = {8-15},
	pmid = {25965422},
	title = {On the worrying fate of data deficient amphibians},
	volume = {10},
	year = {2015},
}
@article{Nori2016,
	author = {Javier Nori and Ricardo Torres and Julián N Lescano and Javier M Cordier and Maria E Periago and Diego Baldo},
	doi = {10.1111/ddi.12497},
	issn = {14724642},
	issue = {12},
	journal = {Diversity and Distributions},
	keywords = {Aichi targets,conservation policy,habitat loss,protected areas,systematic conservation planning,vertebrates},
	pages = {1212-1219},
	title = {Protected areas and spatial conservation priorities for endemic vertebrates of the Gran Chaco, one of the most threatened ecoregions of the world},
	volume = {22},
	year = {2016},
}
@article{Nori2018,
	author = {Javier Nori and Fabricio Villalobos and Rafael Loyola},
	doi = {10.1111/jbi.13435},
	issn = {13652699},
	issue = {11},
	journal = {Journal of Biogeography},
	keywords = {complementary-based assessment,conservation policy,data deficient,knowledge gaps,threatened species},
	pages = {2588-2594},
	title = {Global priority areas for amphibian research},
	volume = {45},
	year = {2018},
}
@article{Nori2020,
	author = {Javier Nori and Rafael Loyola and Fabricio Villalobos},
	doi = {10.1111/cobi.13476},
	issn = {15231739},
	issue = {5},
	journal = {Conservation Biology},
	keywords = {conservation investment,conservation planning,decision making,inversión en la conservación,planeación de la conservación,priority research areas,protected areas,toma de decisiones,áreas prioritarias para la investigación,áreas protegidas},
	pages = {1281-1291},
	pmid = {32009235},
	title = {Priority areas for conservation of and research focused on terrestrial vertebrates},
	volume = {34},
	year = {2020},
}
@article{Nogueira2011,
	author = {Cristiano Campos Nogueira and Síria Ribeiro and Gabriel C Costa and Guarino R Colli},
	doi = {10.1111/j.1365-2699.2011.02538.x},
	isbn = {03050270},
	issn = {03050270},
	journal = {Journal of Biogeography},
	keywords = {Biodiversity,Biogeography,Biotic elements,Conservation biogeography,Distribution patterns,Open areas,Reptiles,South American savanna},
	pages = {1907-1922},
	title = {Vicariance and endemism in a Neotropical savanna hotspot: Distribution patterns of Cerrado squamate reptiles},
	volume = {38},
	year = {2011},
}
@article{Oliveira2016,
	author = {Ubirajara Oliveira and Adriano Pereira Paglia and Antonio D Brescovit and Claudio José Barros de Carvalho and Daniel Paiva Silva and Daniella T Rezende and Felipe Sá Fortes Leite and João Aguiar Nogueira Batista and João Paulo Peixoto Pena Barbosa and João Renato Stehmann and John S Ascher and Marcelo Ferreira Vasconcelos and Paulo De Marco and Peter Löwenberg-Neto and Priscila Guimarães Dias and Viviane Gianluppi Ferro and Adalberto J Santos},
	doi = {10.1111/ddi.12489},
	issue = {12},
	journal = {Diversity and Distributions},
	pages = {1232-1244},
	title = {The strong influence of collection bias on biodiversity knowledge shortfalls of Brazilian terrestrial biodiversity},
	volume = {22},
	year = {2016},
}
@article{Oliveira2018,
	author = {Eliana F Oliveira and Marcelo Gehara and Vinicius A Sao-Pedro and Gabriel C Costa and Frank T Burbrink and Guarino R Colli and Miguel T Rodrigues and Adrian A Garda},
	doi = {10.1111/jbi.13427},
	issue = {11},
	journal = {Journal of Biogeography},
	pages = {2508-2519},
	title = {Phylogeography of Muller's termite frog suggests the vicariant role of the Central Brazilian Plateau},
	volume = {45},
	year = {2018},
}
@article{Olson2001,
	author = {David M Olson and Eric Dinerstein and Eric D Wikramanayake and Neil D Burgess and George V N Powell and Emma C Underwood and Jennifer A D'amico and Illanga Itoua and Holly E Strand and John C Morrison and Colby J Loucks and Thomas F Allnutt and Taylor H Ricketts and Yumiko Kura and John F Lamoreux and Wesley W Wettengel and Prashant Hedao and Kenneth R Kassem},
	doi = {10.1641/0006-3568(2001)051},
	issue = {11},
	journal = {BioScience},
	pages = {933-938},
	title = {Terrestrial Ecoregions of the World: A New Map of Life on Earth},
	volume = {51},
	year = {2001},
}
@misc{Pacheco2021,
	author = {P. Pacheco and K. Mo and N. Dudley and A. Shapiro and N. Aguilar-Amuchastegui and P. Y. Ling and C. Anderson and A. Marx},
	address = {Gland, Switerzland},
	institution = {WWF},
	pages = {125},
	title = {Deforestation Fronts: Drivers and Responses in a Changing World},
	year = {2021},
}
@article{Pacheco2021birds,
	author = {J. F. Pacheco and L. F. Silveira and A. Aleixo and C. E. Agne and G. A. Bencke and G. A. Bravo and G. R.R. Brito and M. Cohn-Haft and G. N. Maurício and L. N. Naka and F. Olmos and S. R. Posso and A. C. Lees and L. F. A. Figueiredo and E. Carrano and R. C. Guedes and E. Cesari and I. Franz and F. Schunck and V. Q. Piacentini},
	doi = {10.1007/s43388-021-00058-x},
	issn = {2662673X},
	issue = {2},
	journal = {Ornithology Research},
	keywords = {Biodiversity,Classification,Endemism,Species list,Subspecies,Taxonomy},
	pages = {94-105},
	publisher = {Springer Nature},
	title = {Annotated checklist of the birds of Brazil by the Brazilian Ornithological Records Committee—second edition},
	volume = {29},
	year = {2021},
}
@article{Powers2019,
	author = {Ryan P Powers and Walter Jetz},
	doi = {10.1038/s41558-019-0406-z},
	issn = {17586798},
	issue = {4},
	journal = {Nature Climate Change},
	pages = {323-329},
	publisher = {Springer US},
	title = {Global habitat loss and extinction risk of terrestrial vertebrates under future land-use-change scenarios},
	volume = {9},
	year = {2019},
}
@article{PrietoTorres2018,
	author = {David A Prieto-Torres and Javier Nori and Octavio R Rojas-Soto},
	doi = {10.1016/j.biocon.2018.10.025},
	issn = {00063207},
	issue = {October},
	journal = {Biological Conservation},
	keywords = {Conservation policy,Ecosystem diversity,Protected areas,Specie distribution models,Systematic conservation planning},
	pages = {205-214},
	publisher = {Elsevier},
	title = {Identifying priority conservation areas for birds associated to endangered Neotropical dry forests},
	volume = {228},
	year = {2018},
}
@article{PrietoTorres2020,
	author = {David A. Prieto-Torres and Andrés Lira-Noriega and Adolfo G. Navarro-Sigüenza},
	doi = {10.1016/j.pecon.2020.01.002},
	issn = {25300644},
	issue = {1},
	journal = {Perspectives in Ecology and Conservation},
	keywords = {Bird,Ecological niche modelling,Range shifts,Range-diversity plots,Species co-occurrence,Species richness,Species turnover,Tropical forests},
	pages = {19-30},
	publisher = {Associa&ccedil;&atilde;o Brasileira de Ci&ecirc;ncia Ecol&oacute;gica e Conserva&ccedil;&atilde;o},
	title = {Climate change promotes species loss and uneven modification of richness patterns in the avifauna associated to Neotropical seasonally dry forests},
	volume = {18},
	year = {2020},
}
@article{PrietoTorres2022,
	author = {David A. Prieto-Torres and Sandra Díaz and Javier Maximiliano Cordier and Ricardo Torres and Mercedes Caron and Javier Nori},
	doi = {10.1016/j.biocon.2022.109536},
	issn = {00063207},
	issue = {March},
	journal = {Biological Conservation},
	keywords = {Biodiversity re-distribution,Climate change,Dry fo,biodiversity re-distribution},
	pages = {109536},
	publisher = {Elsevier Ltd},
	title = {Analyzing individual drivers of global changes promotes inaccurate long-term policies in deforestation hotspots: The case of Gran Chaco},
	volume = {269},
	year = {2022},
}
@book{Patton2015,
	author = {James L Patton and Ulyses F J Pardiñas and Guillermo D'Elía},
	address = {Chicago},
	editor = {James L Patton and Ulyses F J Pardiñas and Guillermo D'Elía},
	isbn = {978- 0- 226- 16960- 6},
	pages = {1336},
	publisher = {The University of Chicago Press},
	title = {Mammals of South America, Volume 2: Rodents},
	volume = {2},
	year = {2015},
}
@manual{QGISUserGuide,
	author = {{\bibcorporate{QGIS Development Team}}},
	institution = {QGIS Association},
	title = {Geographic Information System User Guide},
	url = {https://docs.qgis.org/3.22/en/docs/user_manual/index.html},
	year = {2022},
}
@misc{QGIS,
	author = {{\bibcorporate{QGIS Development Team}}},
	publisher = {QGIS Association},
	title = {QGIS Geographic Information System},
	year = {2022},
}
@misc{R2022,
	author = {{\bibcorporate{R Core Team}}},
	address = {Vienna},
	publisher = {Foundation for Statistical Computing},
	title = {R: A language and environment for statistical computing},
	url = {https://www.r-project.org/},
	year = {2022},
}
@article{Ratter2003,
	author = {James A Ratter and Samuel Bridgewater and José Felipe Ribeiro},
	doi = {10.1017/S0960428603000064},
	isbn = {3087},
	issn = {0960-4286},
	issue = {1},
	journal = {Edinburgh Journal of Botany},
	pages = {57-109},
	pmid = {2111},
	title = {Analysis of the floristic composition of the Brazilian Cerrado vegetation III: comparison of the woody vegetation of 376 areas},
	volume = {60},
	year = {2003},
}
@article{Raxworthy2003,
	author = {Christopher J Raxworthy and Enrique Martinez-Meyer and Ned Horning and Ronald A Nussbaum and Gregory E Schneider and Miguel A Ortega-Huerta and A. Townsend Peterson},
	doi = {10.1038/nature02205},
	issue = {6968},
	journal = {Nature},
	pages = {837-841},
	title = {Predicting distributions of known and unknown reptile species in Madagascar},
	volume = {426},
	year = {2003},
}
@article{Reid1998,
	author = {W V Reid},
	doi = {10.1016/B978-0-12-809665-9.09962-6},
	issue = {7},
	journal = {Trends in Ecology and Evolution},
	pages = {275-280},
	title = {Biodiversity hotspots},
	volume = {13},
	year = {1998},
}
@article{Roll2017,
	author = {Uri Roll and Anat Feldman and Maria Novosolov and Allen Allison and Aaron M Bauer and Rodolphe Bernard and Monika Böhm and Fernando Castro-Herrera and Laurent Chirio and Ben Collen and Guarino R Colli and Lital Dabool and Indraneil Das and Tiffany M Doan and Lee L Grismer and Marinus Hoogmoed and Yuval Itescu and Fred Kraus and Matthew LeBreton and Amir Lewin and Marcio Martins and Erez Maza and Danny Meirte and Zoltán T Nagy and Cristiano de Campos Nogueira and Olivier S G Pauwels and Daniel Pincheira-Donoso and Gary D Powney and Roberto Sindaco and Oliver J S Tallowin and Omar Torres-Carvajal and Jean-François Trape and Enav Vidan and Peter Uetz and Philipp Wagner and Yuezhao Wang and C David L Orme and Richard Grenyer and Shai Meiri},
	doi = {10.1038/s41559-017-0332-2},
	journal = {Nature Ecology and Evolution},
	pages = {1677-1682},
	title = {The global distribution of tetrapods reveals a need for targeted reptile conservation},
	volume = {1},
	year = {2017},
}

@article{Ratter1997,
	author = {James A Ratter and José Felipe Ribeiro and Samuel Bridgewater},
	doi = {10.1006/anbo.1997.0469},
	isbn = {0305-7364},
	issn = {03057364},
	journal = {Annals of Botany},
	keywords = {biodiversity,brazil,cerrado,conservation},
	pages = {223-230},
	pmid = {22786785},
	title = {The Brazilian Cerrado vegetation and threats to its biodiversity},
	volume = {80},
	year = {1997},
}
@article{Resende2019,
	author = {Fernando M Resende and Jérôme Cimon-Morin and Monique Poulin and Leila Meyer and Rafael Loyola},
	doi = {10.1016/j.biocon.2019.03.009},
	issn = {00063207},
	issue = {September 2018},
	journal = {Biological Conservation},
	keywords = {Brazil,Conservation targets,InVEST,Marxan,Replacement cost,Systematic conservation planning},
	pages = {90-99},
	publisher = {Elsevier},
	title = {Consequences of delaying actions for safeguarding ecosystem services in the Brazilian Cerrado},
	volume = {234},
	year = {2019},
}
@article{Santos2014,
	author = {Marcella Gonçalves Santos and Cristiano de Campos Nogueira and Lilian Gimenes Giugliano and Guarino R Colli},
	doi = {10.1111/jbi.12291},
	issue = {8},
	journal = {Journal of Biogeography},
	pages = {1506-1519},
	title = {Landscape evolution and phylogeography of Micrablepharus atticolus (Squamata, Gymnophthalmidae), an endemic lizard of the Brazilian Cerrado},
	volume = {41},
	year = {2014},
}
@article{Sclater1858,
	author = {Philip Lutley Sclater},
	journal = {Journal of the Proceedings of the Linnean Society},
	pages = {130-145},
	title = {On the general geographical distribution of the members of the class aves},
	volume = {2},
	year = {1858},
}
@article{Serrano2023,
	author = {Filipe Cabreirinha Serrano and João Paulo Santos Vieira-Alencar and Juan Camilo {Díaz-Ricaurte} and Paula Hanna Valdujo and Marcio Martins and Cristiano Campos Nogueira},
	doi = {10.1016/j.jnc.2023.126350},
	journal = {Journal for Nature Conservation},
	keywords = {Area of Habitat,Extent of occurrence,IUCN,Land-use,Rarity,Threatened species},
	title = {The Wallacean Shortfall and the role of historical distribution records in the conservation assessment of an elusive Neotropical snake in a threatened landscape},
	volume = {72},
	year = {2023},
}
@article{Sick1965,
	author = {H Sick},
	journal = {Arquivos de Zoologia},
	pages = {71-93},
	title = {A fauna do Cerrado},
	volume = {12},
	year = {1965},
}
@book{Sick1997,
	author={Sick, H.},
	title={Ornitologia brasileira},
	publisher={Editora Nova Fronteira},
	address={Rio de Janeiro},
	year={1997}
}
@article{Silva1995,
	author = {José Maria Cardoso Silva},
	journal = {Bird Conservation International},
	pages = {291-304},
	title = {Avian inventory of the Cerrado region, South America: implications for biological conservation},
	volume = {5},
	year = {1995},
}
@article{Silva2002,
	author = {José Maria Cardoso Silva and John M Bates},
	doi = {10.1641/0006-3568(2002)052[0225:bpacit]2.0.co;2},
	issn = {00063568},
	issue = {3},
	journal = {BioScience},
	pages = {225-233},
	title = {Biogeographics patterns and conservation in the South American Cerrado: A tropical savanna hotspot},
	volume = {52},
	year = {2002},
}
@article{Simon2000,
	author = {Marcelo F Simon and C Proença},
	doi = {10.1016/S0006-3207(00)00085-9},
	issue = {3},
	journal = {Biological Conservation},
	pages = {279-296},
	title = {Phytogeographic patterns of Mimosa (Mimosoideae, Leguminosae) in the Cerrado biome of Brazil: An indicator genus of high-altitude centers of endemism?},
	volume = {96},
	year = {2000},
}
@article{Sih2000,
	author = {Andrew Sih and Bengt Gunnar Jonsson and Gordon Luikart},
	issue = {4},
	journal = {Trends in Ecology and Evolution},
	pages = {132-134},
	title = {Habitat loss: ecological, evolutionary},
	volume = {15},
	year = {2000},
}
@article{Silva1997,
	author = {Silva, José Maria Cardoso},
	doi = {10.1023/a:1018368809116},
	issn = {09603115},
	issue = {3},
	journal = {Biodiversity and Conservation},
	keywords = {South America,biogeography,birds,neotropical region,savannas},
	pages = {435-450},
	title = {Endemic bird species and conservation in the Cerrado Region, South America},
	volume = {6},
	year = {1997},
}
@article{Strassburg2017,
	author = {Bernardo B N Strassburg and Thomas M Brooks and Rafael Feltran-Barbieri and Alvaro Iribarrem and Renato Crouzeilles and Rafael Loyola and Agnieszka E Latawiec and Francisco J B Oliveira Filho and Carlos A M De Scaramuzza and Fabio R Scarano and Britaldo Soares-Filho and Andrew Balmford},
	doi = {10.1038/s41559-017-0099},
	issn = {2397334X},
	issue = {4},
	journal = {Nature Ecology and Evolution},
	pages = {1-3},
	publisher = {Macmillan Publishers Limited},
	title = {Moment of truth for the Cerrado hotspot},
	volume = {1},
	year = {2017},
}
@article{Sze2022,
	author = {Jocelyne S Sze and L Roman Carrasco and Dylan Childs and David P Edwards},
	doi = {10.1038/s41893-021-00815-2},
	issue = {2},
	journal = {Nature Sustainability},
	pages = {123-130},
	title = {Reduced deforestation and degradation in Indigenous Lands pan-tropically},
	volume = {5},
	year = {2022},
}
@article{TeixeiraJr2016,
	author = {{Teixeira Jr.}, Mauro and Ivan Prates and Carolina Nisa and Nathalia Suzan Camarão Silva-Martins and Christine Strüssmann and Miguel Trefaut Rodrigues},
	doi = {10.1016/j.ympev.2015.09.010},
	journal = {Molecular Phylogenetics and Evolution},
	pages = {410-423},
	title = {Molecular data reveal spatial and temporal patterns of diversification and a cryptic new species of lowland Stenocercus Duméril and Bibron, 1837 (Squamata: Tropiduridae)},
	volume = {94},
	year = {2016},
}

@misc{Uetz2020,
	author = {Peter Uetz and P Freed and P Aguilar and R Reyes and J Hosekm},
	title = {The Reptile Database},
	year = {2020},
	url = {http://www.reptile-database.org},
}
@misc{UNEP-IUCN-PAs,
	author = {UNEP-WCMC and IUCN},
	address = {Cambridge, UK},
	publisher = {UNEP-WCMC and IUCN},
	title = {Protected Planet: The World Database on Protected Areas (WDPA) and World Database on Other Effective Area-based Conservation Measures (WD-OECM)},
	url = {http://protectedplanet.net/},
	year = {2023},
}
@article{Valdujo2013,
	author = {Paula H Valdujo and Ana Carolina O Q Carnaval and Catherine H Graham},
	doi = {10.1111/j.1600-0587.2012.07374.x},
	issue = {6},
	journal = {Ecography},
	pages = {708-717},
	title = {Environmental correlates of anuran beta diversity in the Brazilian Cerrado},
	volume = {36},
	year = {2013},
}
@inbook{Vanzolini1963,
	author = {Vanzolini, P. E.},
	title = {A evolução ao nível de espécie: répteis da América do Sul; Paulo E. Vanzolini (Opera Omnia). (2010)},
	editor={Bartorelli, A. and Lisboa, M. A. L. and Mantesso-Neto, V. and Seripierri, D.},
	chapter={Problemas faunísticos do Cerrado},
	year={1963},
	pages={167-174},
	address={São Paulo},
	publisher={Beca-BALL Edições},
}
@article{Vasconcellos2019,
	author = {Mariana M Vasconcellos and Guarino R Colli and Jesse N Weber and Edgardo M Ortiz and Miguel Trefaut Rodrigues and David C Cannatella},
	doi = {10.1111/mec.15045},
	issue = {7},
	journal = {Molecular Ecology},
	pages = {1748-1764},
	title = {Isolation by instability: Historical climate change shapes population structure and genomic divergence of treefrogs in the Neotropical Cerrado savanna},
	volume = {28},
	year = {2019},
}
@book{Vasconcelos2019book,
	author = {Tiago S Vasconcelos and Fernando R Silva and Tiago G Santos and Vitor H M Prado and Diogo B Provete},
	doi = {10.1007/978-3-030-26296-9},
	title = {Biogeographic Patterns of South American Anurans},
	year = {2019},
	publisher = {Springer Nature},
	address = {Switzerland}
}
@article{Valdujo2012,
	author = {Paula Hanna Valdujo and Débora Leite Silvano and Guarino R Colli and Marcio Martins},
	doi = {10.2994/057.007.0209},
	isbn = {1808-9798\n1937-2418},
	issn = {1808-9798},
	issue = {2},
	journal = {South American Journal of Herpetology},
	pages = {63-78},
	title = {Anuran Species Composition and Distribution Patterns in Brazilian Cerrado, a Neotropical Hotspot},
	volume = {7},
	year = {2012},
}
@article{Velazco2019,
	author = {Santiago José Elías Velazco and Fabricio Villalobos and Franklin Galvão and Paulo {DeMarco Jr.}},
	doi = {10.1111/ddi.12886},
	issue = {4},
	journal = {Diversity and Distributions},
	keywords = {neotropical savannas,protected areas network,species distribution models,vulnerability},
	pages = {660-673},
	title = {A dark scenario for Cerrado plant species: Effects of future climate, land use and protected areas ineffectiveness},
	volume = {25},
	year = {2019},
}
@article{Vieira2019,
	author = {Raísa R.S. Vieira and Robert L. Pressey and Rafael Loyola},
	doi = {10.1016/j.biocon.2019.02.010},
	issn = {00063207},
	issue = {November 2018},
	journal = {Biological Conservation},
	keywords = {Conservation policy,Convention on Biological Diversity,Protected areas,Residual protection,Systematic conservation planning},
	pages = {152-161},
	publisher = {Elsevier},
	title = {The residual nature of protected areas in Brazil},
	volume = {233},
	year = {2019},
}
@misc{VieiraAlencar2022,
	author={J. P. S. Vieira-Alencar},
	title={Mapping Biotic Elements in R (v0.0.1)},
	publisher={Zenodo},
 	url={https://doi.org/10.5281/zenodo.6596408},
 	year={2022}
}
@article{VieiraAlencar2023,
	author = {João Paulo Santos Vieira-Alencar and Bruna E Bolochio and Ana Paula Carmignotto and Ricardo J Sawaya and Luís Fábio Silveira and Paula Hanna Valdujo and Cristiano Campos Nogueira and Javier Nori},
	doi = {10.1016/j.pecon.2023.02.004},
	issue = {xxxx},
	journal = {Perspectives in Ecology and Conservation},
	title = {How habitat loss and fragmentation are reducing conservation opportunities for vertebrates in the most threatened savanna of the World},
	year = {2023},
}
@article{Voss2009,
	author = {Robert S Voss and Sharon A Jansa},
	doi = {10.1206/322.1},
	issn = {0003-0090},
	journal = {Bulletin of the American Museum of Natural History},
	pages = {1-177},
	title = {Phylogenetic Relationships and Classification of Didelphid Marsupials, an Extant Radiation of New World Metatherian Mammals},
	volume = {322},
	year = {2009},
}
@book{Wallace1876,
	author = {Alfred Russel Wallace},
	address = {New York},
	doi = {10.1086/270199},
	pages = {607},
	publisher = {Harper and Brothers},
	title = {The geographical distribution of animals},
	volume = {2},
	year = {1876},
}
@article{Werneck2011,
	author = {Fernanda P Werneck},
	doi = {10.1016/j.quascirev.2011.03.009},
	journal = {Quaternary Science Reviews},
	keywords = {Biogeography,Caatinga,Cerrado,Chaco,Open vegetations,Seasonally dry tropical forests,South america,Zoogeography},
	pages = {1630-1648},
	title = {The diversification of eastern South American open vegetation biomes: Historical biogeography and perspectives},
	volume = {30},
	year = {2011},
}
@article{Werneck2012,
	author = {Fernanda P. Werneck and Cristiano Nogueira and Guarino R. Colli and Jack W. Sites and Gabriel C. Costa},
	doi = {10.1111/j.1365-2699.2012.02715.x},
	issn = {03050270},
	issue = {9},
	journal = {Journal of Biogeography},
	keywords = {Cerrado,Conservation biogeography,Historical stability,Neotropical savanna connection,Palaeodistribution modelling,Quaternary climatic fluctuations,South America,Species richness,Squamate reptiles},
	pages = {1695-1706},
	title = {Climatic stability in the Brazilian Cerrado: Implications for biogeographical connections of South American savannas, species richness and conservation in a biodiversity hotspot},
	volume = {39},
	year = {2012},
}
@article{Woodley2019,
	author = {Stephen Woodley and Harvey Locke and Dan Laffoley and Kathy Mackinnon and Trevor Sandwith and Jane Smart},
	doi = {10.2305/IUCN.CH.2019.PARKAS-25-2SW2.en},
	issn = {24112119},
	issue = {2},
	journal = {Parks},
	keywords = {Aichi Targets,Area-based conservation,Post-2020 global biodiversity framework,Protected areas,Systematic conservation planning,Target 11},
	pages = {31-46},
	title = {A review of evidence for area-based conservation targets for the post-2020 global biodiversity framework},
	volume = {25},
	year = {2019},
}
@article{Whittaker2005,
	author = {Robert J Whittaker and Miguel Bastos Araújo and Paul Jepson and Richard J Ladle and James E M Watson and Katherine J Willis},
	journal = {Diversity and Distributions},
	pages = {3-23},
	title = {Conservation Biogeography: assessment and prospect},
	volume = {11},
	year = {2005},
}
@article{Whittaker2013,
	author = {Robert J Whittaker and Brett R Riddle and Bradford A Hawkins and Richard J Ladle},
	doi = {10.1111/jbi.12235},
	issue = {12},
	journal = {Journal of Biogeography},
	pages = {2209-2214},
	title = {The geographical distribution of life and the problem of regionalization: 100 years after Alfred Russel Wallace},
	volume = {40},
	year = {2013},
}

@article{Wiley1988,
	author = {E O Wiley},
	journal = {Annual Review of Ecology and Systematics},
	pages = {513-542},
	title = {Vicariance Biogeography},
	volume = {19},
	year = {1988},
}
@inbook{Willians2011,
	author = {K J Willians and A Ford and D F Rosauer and N Silva and R Mittermeier and C Bruce and F W Larsen and C Margules},
	address = {Berlin, Heidelberg},
	doi = {10.1007/978-3-642-20992-5},
	editor = {Frank E Zachos and Jan Christian Habel},
	isbn = {978-3-642-20991-8},
	journal = {Biodiversity hotspots: distribution and protection of conservation priority areas},
	publisher = {Springer Berlin Heidelberg},
	title = {Forests of East Australia: The 35th biodiversity hotspot.},
	year = {2011},
	pages = {295-310},
}
@book{ZachosHabel2011,
	author = {Frank E Zachos and Jan Christian Habel},
	address = {Berlin, Heidelberg},
	doi = {10.1007/978-3-642-20992-5},
	isbn = {978-3-642-20991-8},
	pages = {1-546},
	publisher = {Springer Berlin},
	title = {Biodiversity Hotspots: Distribution and Protection of Conservation Priority Areas},
	year = {2011},
}
